<record><leader>00000cas a22000007a 4500</leader><controlfield tag="001">12757711</controlfield><controlfield tag="008">851105d19uu1968ohuwr ne      0    0eng  </controlfield><datafield ind1=" " ind2=" " tag="010"><subfield code="a">sn 85042639 </subfield></datafield><datafield ind1=" " ind2=" " tag="040"><subfield code="a">DLC</subfield><subfield code="b">eng</subfield><subfield code="c">DLC</subfield><subfield code="d">ONP</subfield><subfield code="d">OCLCQ</subfield></datafield><datafield ind1=" " ind2=" " tag="042"><subfield code="a">msc</subfield></datafield><datafield ind1="0" ind2="0" tag="050"><subfield code="a">Newspaper 9337</subfield></datafield><datafield ind1="0" ind2="4" tag="245"><subfield code="a">The Tiro world.</subfield></datafield><datafield ind1=" " ind2=" " tag="260"><subfield code="a">Tiro, Ohio :</subfield><subfield code="b">Hossler &amp; George</subfield></datafield><datafield ind1=" " ind2=" " tag="300"><subfield code="a">v. :</subfield><subfield code="b">ill. ;</subfield><subfield code="c">55 cm.</subfield></datafield><datafield ind1=" " ind2=" " tag="310"><subfield code="a">Weekly</subfield></datafield><datafield ind1="1" ind2=" " tag="362"><subfield code="a">Ceased in 1968.</subfield></datafield><datafield ind1=" " ind2=" " tag="500"><subfield code="a">Special "50 anniversary" issue published Aug. 24, 1961.</subfield></datafield><datafield ind1=" " ind2=" " tag="588"><subfield code="a">Description based on: Vol. 51, no. 4 (Aug. 24, 1961).</subfield></datafield><datafield ind1=" " ind2=" " tag="752"><subfield code="a">United States</subfield><subfield code="b">Ohio</subfield><subfield code="c">Crawford</subfield><subfield code="d">Tiro.</subfield></datafield><datafield ind1="0" ind2="0" tag="780"><subfield code="t">Tiro weekly world</subfield></datafield><datafield ind1="0" ind2="7" tag="785"><subfield code="t">Shelby daily globe (Shelby, Ohio : 1962)</subfield><subfield code="w">(DLC)sn 88078542</subfield></datafield><datafield ind1="0" ind2="7" tag="785"><subfield code="t">Shelby daily globe and Tiro world</subfield><subfield code="w">(DLC)sn 88078541</subfield></datafield><datafield ind1="1" ind2=" " tag="029"><subfield code="a">AU@</subfield><subfield code="b">000025823168</subfield></datafield></record>